@misc{mocha,
	Date-Added = {2018-02-18 21:39:21 +0000},
	Title = {Software de tracking Mocha},
	Author = "Mocha",
	Url = {https://borisfx.com/products/mocha/},
	Urlaccessdate = {18 feb 2018},
	Year = {2018},
	Bdsk-Url-1 = {https://borisfx.com/products/mocha/}}

@misc{silhoutte,
	Date-Added = {2018-02-18 21:39:21 +0000},
	Title = {Software de tracking Silhoutte},
	Author = "Silhoutte",
	Url = {https://www.silhouettefx.com/},
	Urlaccessdate = {18 feb 2018},
	Year = {2018},
	Bdsk-Url-1 = {https://www.silhouettefx.com/}}

@misc{keras,
	Date-Added = {2018-02-18 21:39:21 +0000},
	Title = {Framework para aprendizado de m√°quina},
	Author = "Keras",
	Url = {https://keras.io/},
	Urlaccessdate = {18 feb 2018},
	Year = {2018},
	Bdsk-Url-1 = {https://keras.io/}}

@inproceedings{colorful,
author = {Zhang, Richard and Isola, Phillip and Efros, Alexei A},
booktitle = {European Conference on Computer Vision},
file = {:C$\backslash$:/Users/User/AppData/Local/Mendeley Ltd./Mendeley Desktop/Downloaded/Zhang, Isola, Efros - 2016 - Colorful image colorization.pdf:pdf},
organization = {Springer},
pages = {649--666},
title = {{Colorful image colorization}},
year = {2016}
}

@inproceedings{Luan_scribble,
author = {Qing Luan, Fang Wen, Daniel Cohen-Or,  Lin Liang, Ying-Qing Xu and Heung-Yeung Shum},
title = {{Natural Image Colorization}},
booktitle = {Proc. EGSR},
year = {2007}
}

@article{Richart_som_nn,
author = {Matias, Richart and Jorge, Visca and Javier, Baliosian},
doi = {10.1109/WVC.2017.00017},
file = {:C$\backslash$:/Users/User/AppData/Local/Mendeley Ltd./Mendeley Desktop/Downloaded/Lee, Liang, Peaks - 2016 - Image Colorization with Convolutional Neural Networks.pdf:pdf},
isbn = {978-1-5386-1451-8},
number = {i},
pages = {1--4},
title = {{Image Colorization with Neural Networks}},
year = {2016}
}
